
@article{HiggsATLAS,
   title={Observation of a new particle in the search for the Standard Model Higgs boson with the ATLAS detector at the LHC},
   volume={716},
   ISSN={0370-2693},
   url={http://dx.doi.org/10.1016/j.physletb.2012.08.020},
   DOI={10.1016/j.physletb.2012.08.020},
   number={1},
   journal={Physics Letters B},
   publisher={Elsevier BV},
   author={Aad, G. and Abajyan, T. and Abbott, B. and Abdallah, J. and Abdel Khalek, S. and Abdelalim, A.A. and Abdinov, O. and Aben, R. and Abi, B. and Abolins, M. and et al.},
   year={2012},
   month={Sep},
   pages={1–29}
}

@article{HiggsCMS,
   title={Observation of a new boson at a mass of 125 GeV with the CMS experiment at the LHC},
   volume={716},
   ISSN={0370-2693},
   url={http://dx.doi.org/10.1016/j.physletb.2012.08.021},
   DOI={10.1016/j.physletb.2012.08.021},
   number={1},
   journal={Physics Letters B},
   publisher={Elsevier BV},
   author={Chatrchyan, S. and Khachatryan, V. and Sirunyan, A.M. and Tumasyan, A. and Adam, W. and Aguilo, E. and Bergauer, T. and Dragicevic, M. and Erö, J. and Fabjan, C. and et al.},
   year={2012},
   month={Sep},
   pages={30–61}
}

@article{LEPExperiments, volume={565},
   ISSN={0370-2693},
   url={http://dx.doi.org/10.1016/S0370-2693(03)00614-2},
   DOI={10.1016/s0370-2693(03)00614-2},
   journal={Physics Letters B},
   publisher={Elsevier BV},
   year={2003},
   month={Jul},
   pages={61–75}
}

@book{Peskin,
      author        = "Peskin, Michael E and Schroeder, Daniel V",
      title         = "{An introduction to quantum field theory}",
      publisher     = "Westview",
      address       = "Boulder, CO",
      year          = "1995",
      url           = "https://cds.cern.ch/record/257493",
      note          = "Includes exercises",
}

@book{kane_2017, 
   place={Cambridge}, edition={2},
   title={Modern Elementary Particle Physics: Explaining and Extending the Standard Model},
   DOI={10.1017/9781316691434},
   publisher={Cambridge University Press},
   author={Kane, Gordon},
   year={2017}
}

@book{Griffiths,
      author        = "Griffiths, David J",
      title         = "{Introduction to elementary particles; 2nd rev. version}",
      publisher     = "Wiley",
      address       = "New York, NY",
      series        = "Physics textbook",
      year          = "2008",
      url           = "https://cds.cern.ch/record/111880",
}

@misc{WikipediaSM,
   author = "{Wikipedia Contributors}",
   title = "Standard Model",
   year = "2021",
   url = "https://en.wikipedia.org/wiki/Standard_Model",
   note = "[Accessed 15 February 2021]"
}

@article{EllisHiggs,
      author        = "Ellis, John, et al.",
      title         = "{A Historical Profile of the Higgs Boson. An Updated
                       Historical Profile of the Higgs Boson}",
      number        = "arXiv:1504.07217. KCL-PH-TH-2015-20. LCTS-2015-10.
                       CERN-PH-TH-2015-098",
      pages         = "22 p",
      month         = "Apr",
      year          = "2015",
      reportNumber  = "arXiv:1504.07217",
      url           = "https://cds.cern.ch/record/2012465",
      note          = "Comments: 22 pages, 5 figures, update of arXiv:1201.6045,
                       to be published in the volume "The Standard Theory of
                       Particle Physics", edited by Luciano Maiani and Gigi
                       Rolandi",
      doi           = "10.1142/9789814733519_0014",
}

@misc{FeynmanMaker,
   author = "{Aidan Sean Randle-Conde}",
   title = "Feynman Diagram Maker",
   year = "2015",
   url = "https://www.aidansean.com/feynman/",
   note = "[Accessed 15 February 2021]"
}

@book{YellowReport4,
      author        = "de Florian, D., et al."
      title         = "{Handbook of LHC Higgs Cross Sections: 4. Deciphering the
                       Nature of the Higgs Sector}",
      collaboration = "LHC Higgs Cross Section Working Group",
      series        = "CERN Yellow Reports: Monographs",
      month         = "Oct",
      year          = "2016",
      reportNumber  = "CERN-2017-002-M",
      url           = "https://cds.cern.ch/record/2227475",
      note          = "869 pages, 295 figures, 248 tables and 1645 citations.
                       Working Group web page:
                       https://twiki.cern.ch/twiki/bin/view/LHCPhysics/LHCHXSWG",
      doi           = "10.23731/CYRM-2017-002",
}

@article{FedericotH,
    author = "Demartin, Federico et al.",
    title = "{Higgs production in association with a single top quark at the LHC}",
    eprint = "1504.00611",
    archivePrefix = "arXiv",
    primaryClass = "hep-ph",
    reportNumber = "MCNET-15-07, CP3-15-08",
    doi = "10.1140/epjc/s10052-015-3475-9",
    journal = "Eur. Phys. J. C",
    volume = "75",
    number = "6",
    pages = "267",
    year = "2015"
}

@article{FedericotWH,
   title={tWH associated production at the LHC},
   volume={77},
   ISSN={1434-6052},
   url={http://dx.doi.org/10.1140/epjc/s10052-017-4601-7},
   DOI={10.1140/epjc/s10052-017-4601-7},
   number={1},
   journal={The European Physical Journal C},
   publisher={Springer Science and Business Media LLC},
   author={Demartin, Federico et al.},
   year={2017},
   month={Jan}
}

@article{LHCHiggsCrossSectionWorkingGroup,
    author = "David, A. et al.",
    collaboration = "LHC Higgs Cross Section Working Group",
    title = "{LHC HXSWG interim recommendations to explore the coupling structure of a Higgs-like particle}",
    eprint = "1209.0040",
    archivePrefix = "arXiv",
    primaryClass = "hep-ph",
    reportNumber = "CERN-PH-TH-2012-284, LHCHXSWG-2012-001",
    month = "9",
    year = "2012"
}

@article{PhysRevD.101.012002,
  title = {Combined measurements of Higgs boson production and decay using up to $80\text{ }\text{ }{\mathrm{fb}}^{\ensuremath{-}1}$ of proton-proton collision data at $\sqrt{s}=13\text{ }\text{ }\mathrm{TeV}$ collected with the ATLAS experiment},
  author = {Aad, G. et al.},
  collaboration = {ATLAS Collaboration},
  journal = {Phys. Rev. D},
  volume = {101},
  issue = {1},
  pages = {012002},
  numpages = {48},
  year = {2020},
  month = {Jan},
  publisher = {American Physical Society},
  doi = {10.1103/PhysRevD.101.012002},
  url = {https://link.aps.org/doi/10.1103/PhysRevD.101.012002}
}

